% Bibliografía

% Este fichero contiene la bibliografía de la memoria
% Está en un formato que se conoce como BibTex.
% Hay muchos sitios web que exportan referencias en formato BibTeX. 
% Prueba a buscar en http://scholar.google.com por referencias
% y verás que lo puedes hacer de manera sencilla.
% Más información: 
% http://texblog.org/2014/04/22/using-google-scholar-to-download-bibtex-citations/

% Existen varias posibilidades para referenciar diferentes tipos de documentos,
% ya que los datos necesarios varían. Así, existen formatos de entrada para
%     * libros (book)
%     * artículos en revistas de investigación (article)
%     * capítulos de libro (incollection)
%     * informes técnicos (techreport)
%     * otros (misc)
%
% Las páginas web deberían ir como misc.

% Una última cosa: no referencias nunca la WikiPedia
% La WikiPedia, como buena enciclopedia, no es fuente primaria.
% Si acaso, busca por citas en la WikiPedia (que sí ha de referenciar fuentes
% primarias) y haz referencia a las mismas.

@misc{researchandmarkets,
  author={Research and Markets},
  title={Global VoIP Services Market 2017-2021},
  year={2017},
  month={January},
  note={\\https://www.reportbuyer.com/product/4611121/global-voip-services-market.html}
}

@Manual{cisco:_video,
  Organization = 	 {Cisco Systems, Inc},
  title = 	 {Cisco Video Infrastructure Implementation},
  edition = {500-710 VII}
}

@Manual{cisco:_ccna,
  Organization = 	 {Cisco Systems, Inc},
  title = 	 {CCNA Collaboration CICD },
  edition = {210-060},
  month = {October},
  year = 2015
}

@article{gartner:_magic_quadrant,
  author={Benitez, Rafael and Fernandez, Megan and  O'Connell, Daniel and Trueman, Christopher and  Sheth, Pankil},
  title={Magic Quadrant for Unified Communications as a Service, Worldwide report},
  institution={Gartner Research},
  year={2021},
  journal={October},
  note={\\ https://www.gartner.com/en/documents/4006911}
}

@inproceedings{schulzrinne1998comparison,
  title={A Comparison of SIP and H. 323 for Internet Telephony},
  author={Schulzrinne, Henning and Rosenberg, Jonathan and others},
  booktitle={Proc. International Workshop on Network and Operating System Support for Digital Audio and Video (NOSSDAV)},
  pages={83--86},
  year={1998},
  organization={sn}
}

@misc{rfc2833,
    series =    {Request for Comments},
    number =    2833,
    howpublished =  {RFC 2833},
    publisher = {RFC Editor},
    doi =       {10.17487/RFC2833},
    url =       {https://www.rfc-editor.org/info/rfc2833},
        author =    {Dr. Scott Petrack and Henning Schulzrinne},
    title =     {{RTP Payload for DTMF Digits, Telephony Tones and Telephony Signals}},
    pagetotal = 30,
    year =      2000,
    month =     may,
    abstract =  {This memo describes how to carry dual-tone multifrequency (DTMF) signaling, other tone signals and telephony events in RTP packets. {[}STANDARDS-TRACK{]}},
}

@book{johnston2009sip,
  title={SIP: Understanding the Session Initiation Protocol},
  author={Johnston, A.B.},
  isbn={9781607839965},
  lccn={2010286955},
  series={Artech House telecommunications library},
  url={https://books.google.es/books?id=AKDgVrDz9mYC},
  year={2009},
  publisher={Artech House}
}

@Manual{itu,
  Organization={Sector de normalización de las telecomunicaciones de la UIT},
  title ={Modulación por impulsos codificados (MIC) de frecuencias vocales},
  note = {Recomendación UIT-T G.711}
}